@article{mitchell1988bayesian,
  title={Bayesian variable selection in linear regression},
  author={Mitchell, Toby J and Beauchamp, John J},
  journal={Journal of the American Statistical Association},
  volume={83},
  number={404},
  pages={1023--1032},
  year={1988},
  publisher={Taylor \& Francis}
}

@article{george1993variable,
  title={Variable selection via Gibbs sampling},
  author={George, Edward I and McCulloch, Robert E},
  journal={Journal of the American Statistical Association},
  volume={88},
  number={423},
  pages={881--889},
  year={1993},
  publisher={Taylor \& Francis Group}
}

@article{rockova2012hierarchical,
  title={Hierarchical Bayesian formulations for selecting variables in regression models},
  author={Rockova, Veronika and Lesaffre, Emmanuel and Luime, Jolanda and L{\"o}wenberg, Bob},
  journal={Statistics in medicine},
  volume={31},
  number={11-12},
  pages={1221--1237},
  year={2012},
  publisher={Wiley Online Library}
}

@article{rovckova2014emvs,
  title={EMVS: The EM approach to Bayesian variable selection},
  author={Ro{\v{c}}kov{\'a}, Veronika and George, Edward I},
  journal={Journal of the American Statistical Association},
  volume={109},
  number={506},
  pages={828--846},
  year={2014},
  publisher={Taylor \& Francis}
}

@article{madigan1995bayesian,
  title={Bayesian graphical models for discrete data},
  author={Madigan, David and York, Jeremy and Allard, Denis},
  journal={International Statistical Review/Revue Internationale de Statistique},
  pages={215--232},
  year={1995},
  publisher={JSTOR}
}

@article{ishwaran2005spike,
  title={Spike and slab variable selection: frequentist and Bayesian strategies},
  author={Ishwaran, Hemant and Rao, J Sunil},
  journal={Annals of Statistics},
  pages={730--773},
  year={2005},
  publisher={JSTOR}
}

@article{liang2008mixtures,
  title={Mixtures of g priors for Bayesian variable selection},
  author={Liang, Feng and Paulo, Rui and Molina, German and Clyde, Merlise A and Berger, Jim O},
  journal={Journal of the American Statistical Association},
  volume={103},
  number={481},
  pages={410--423},
  year={2008},
  publisher={Taylor \& Francis}
}